<?xml version="1.0" encoding="utf-8"?>
<record xmlns="http://www.loc.gov/MARC21/slim" xmlns:xsi="http://www.w3.org/2001/XMLSchema-instance" xsi:schemaLocation="http://www.loc.gov/MARC21/slim http://www.loc.gov/standards/marcxml/schema/MARC21slim.xsd">
	<leader>     nam a22        4500</leader>
	<controlfield tag="001">3058890</controlfield>
	<controlfield tag="003">NNC</controlfield>
	<controlfield tag="006">m        d        </controlfield>
	<controlfield tag="007">cr cn |||m|||a</controlfield>
	<controlfield tag="008">150505s1962    iq      o     000 0 arao </controlfield>
	<datafield ind1=" " ind2=" " tag="040">
		<subfield code="a">NNU</subfield>
		<subfield code="b">eng</subfield>
		<subfield code="e">rda</subfield>
		<subfield code="c">NNU</subfield>
	</datafield>
	<datafield ind1=" " ind2="4" tag="050">
		<subfield code="a">BP193.1</subfield>
		<subfield code="b">.A3 A23</subfield>
	</datafield>
	<datafield ind1="1" ind2=" " tag="100">
		<subfield code="6">880-01</subfield>
		<subfield code="a">ʻAskarī, Najm al-Dīn Jaʻfar ibn Muḥammad.</subfield>
	</datafield>
	<datafield ind1="1" ind2="0" tag="245">
		<subfield code="6">880-02</subfield>
		<subfield code="a">ʻAlī wa-al-Shīʻah :</subfield>
		<subfield code="b">yataḍamman mā li-shīʻat al-Imām Amīr al-Muʼminīn ʻAlī ibn Abī Ṭālib wa-muḥibbīhi min al-faḍāʼil al-mustaqāt mimmā dhakarahu ʻulamāʼ al-sunnah fī muʼallafātihim /</subfield>
		<subfield code="c">taʼlīf Najm al-Dīn al-Sharīf al-ʻAskarī. Wa-yalīhi kitāb Faḍāʼil al-Shīʻah wa-kitāb Ṣifāt al-Shīʻah / kilāhumā li-Abī Jaʻfar Muḥammad ibn ʻAlī ibn al-Ḥusayn ibn Mūsá ibn Bābawayh al-Qummī al-maʻrūf bi-al-Ṣadūq.</subfield>
	</datafield>
	<datafield ind1=" " ind2=" " tag="260">
		<subfield code="6">880-03</subfield>
		<subfield code="a">al-Najaf :</subfield>
		<subfield code="b">Maṭbaʻat al-Ādāb,</subfield>
		<subfield code="c">[1962?]</subfield>
	</datafield>
	<datafield ind1=" " ind2=" " tag="300">
		<subfield code="a">online resource (189 pages)</subfield>
	</datafield>
	<datafield ind1=" " ind2=" " tag="336">
		<subfield code="a">text</subfield>
		<subfield code="2">rdacontent</subfield>
	</datafield>
	<datafield ind1=" " ind2=" " tag="337">
		<subfield code="a">computer</subfield>
		<subfield code="2">rdamedia</subfield>
	</datafield>
	<datafield ind1=" " ind2=" " tag="338">
		<subfield code="a">online resource</subfield>
		<subfield code="2">rdacarrier</subfield>
	</datafield>
	<datafield ind1=" " ind2=" " tag="500">
		<subfield code="a">Part of the Arabic Collections Online (ACO) project, contributed by Columbia University Libraries.</subfield>
	</datafield>
	<datafield ind1=" " ind2=" " tag="533">
		<subfield code="a">Electronic reproduction.</subfield>
		<subfield code="b">New York, N.Y. :</subfield>
		<subfield code="c">New York University,</subfield>
		<subfield code="d">2015.</subfield>
		<subfield code="5">NNU</subfield>
	</datafield>
	<datafield ind1="0" ind2="0" tag="600">
		<subfield code="6">880-04</subfield>
		<subfield code="a">ʻAlī ibn Abī Ṭālib,</subfield>
		<subfield code="c">Caliph,</subfield>
		<subfield code="d">approximately 600-661.</subfield>
	</datafield>
	<datafield ind1="0" ind2="7" tag="600">
		<subfield code="a">ʻAlī ibn Abī Ṭālib,</subfield>
		<subfield code="c">Caliph,</subfield>
		<subfield code="d">approximately 600-661.</subfield>
		<subfield code="2">fast</subfield>
		<subfield code="0">(OCoLC)fst01804105</subfield>
	</datafield>
	<datafield ind1="1" ind2=" " tag="700">
		<subfield code="6">880-05</subfield>
		<subfield code="a">Ibn Bābawayh, Muḥammad ibn ʻAlī,</subfield>
		<subfield code="d">-991 or 2.</subfield>
		<subfield code="t">Faḍāʼil al-Shīʻah.</subfield>
	</datafield>
	<datafield ind1="1" ind2=" " tag="700">
		<subfield code="6">880-06</subfield>
		<subfield code="a">Ibn Babawayh, Muḥammad ibn ʻAlī,</subfield>
		<subfield code="d">-991 or 2.</subfield>
		<subfield code="t">Ṣifāt al-Shīʻah.</subfield>
	</datafield>
	<datafield ind1="2" ind2=" " tag="710">
		<subfield code="a">Columbia University.</subfield>
		<subfield code="b">Libraries.</subfield>
	</datafield>
	<datafield ind1="0" ind2=" " tag="730">
		<subfield code="a">Arabic Collections Online.</subfield>
	</datafield>
	<datafield ind1="0" ind2="8" tag="776">
		<subfield code="i">Print version:</subfield>
		<subfield code="a">ʻAskarī, Najm al-Dīn Jaʻfar ibn Muḥammad.</subfield>
		<subfield code="t">ʻAlī wa-al-Shīʻah</subfield>
		<subfield code="w">(NNC)3058890</subfield>
		<subfield code="w">(DLC)ne 66001366 </subfield>
		<subfield code="w">(OCoLC)23495623</subfield>
	</datafield>
	<datafield ind1="4" ind2="0" tag="856">
		<subfield code="u">http://hdl.handle.net/2333.1/31zcrmnp</subfield>
	</datafield>
	<datafield ind1="1" ind2=" " tag="880">
		<subfield code="6">100-01/r</subfield>
		<subfield code="a">عسكري، نجم الدين جعفر بن محمد.</subfield>
	</datafield>
	<datafield ind1="1" ind2="0" tag="880">
		<subfield code="6">245-02/r</subfield>
		<subfield code="a">علي والشيعة :</subfield>
		<subfield code="b">يتضمن ما لشيعة الامام امير المؤمنين علي بن ابي طال ومحبيه من الفضائل المستقاة مما ذكره علماء السنة في مؤلفاتهم /</subfield>
		<subfield code="c">تأليف نجم الدين الشريف العسكري. ويليه كتاب فضائل الشيعة وكتاب صفات الشيعة / كلاهما لابي جعفر محمد بن علي بن الحسين بن موسى بن بابويه القمي المعروف بالصدوق.</subfield>
	</datafield>
	<datafield ind1=" " ind2=" " tag="880">
		<subfield code="6">260-03/r</subfield>
		<subfield code="a">النجف :</subfield>
		<subfield code="b">مطبعة الاداب،</subfield>
		<subfield code="c">[1962؟]</subfield>
	</datafield>
	<datafield ind1="0" ind2="4" tag="880">
		<subfield code="6">600-04/r</subfield>
		<subfield code="a">علي بن ابي طالب،</subfield>
		<subfield code="d">approximately 600-661.</subfield>
	</datafield>
	<datafield ind1="1" ind2=" " tag="880">
		<subfield code="6">700-05/r</subfield>
		<subfield code="a">ابن بابويه، محمد بن علي،</subfield>
		<subfield code="d">-991 or 2.</subfield>
		<subfield code="t">فضائل الشيعة.</subfield>
	</datafield>
	<datafield ind1="1" ind2=" " tag="880">
		<subfield code="6">700-06/r</subfield>
		<subfield code="a">ابن ببويه، محمد بن علي،</subfield>
		<subfield code="d">-991 or 2.</subfield>
		<subfield code="t">صفات الشيعة.</subfield>
	</datafield>
	<datafield ind1=" " ind2=" " tag="959">
		<subfield code="a">NNU</subfield>
		<subfield code="b">WEB</subfield>
		<subfield code="c">GENI</subfield>
		<subfield code="t">0</subfield>
		<subfield code="m">Electronic access</subfield>
		<subfield code="s">01</subfield>
	</datafield>
	<datafield ind1=" " ind2=" " tag="999">
		<subfield code="i">NNC_3058890</subfield>
		<subfield code="o">(OCoLC)ocm23495623</subfield>
		<subfield code="e">(ERROR-880)</subfield>
		<subfield code="s">columbia_aco000309</subfield>
	</datafield>
</record>
